
@misc{gymgazebo,
	Author = {Iker Zamora and Nestor Gonzalez Lopez and Victor Mayoral Vilches and Alejandro Hernandez Cordero},
	Title = {Extending the OpenAI Gym for robotics: a toolkit for reinforcement learning using ROS and Gazebo},
	Year = {2016},
	Eprint = {arXiv:1608.05742},
}

@inproceedings{onoro2016,
  Author = {O\~noro-Rubio, D. and L\'opez-Sastre, R.~J.},
  Title  = {Towards perspective-free object counting with deep learning},
  Booktitle = {ECCV},
  Year = {2016}
}

@misc{openaigym,
  Author = {Greg Brockman and Vicki Cheung and Ludwig Pettersson and Jonas Schneider and John Schulman and Jie Tang and Wojciech Zaremba},
  Title = {OpenAI Gym},
  Year = {2016},
  Eprint = {arXiv:1606.01540},
}

@inproceedings{ioffeS15,
  added-at = {2015-07-05T00:00:00.000+0200},
  author = {Ioffe, Sergey and Szegedy, Christian},
  biburl = {https://www.bibsonomy.org/bibtex/2abe842b579df1805a67aa33536db30ab/dblp},
  booktitle = {ICML},
  editor = {Bach, Francis R. and Blei, David M.},
  ee = {http://jmlr.org/proceedings/papers/v37/ioffe15.html},
  interhash = {bf2b461f54850dbae02a295b9f5e799b},
  intrahash = {abe842b579df1805a67aa33536db30ab},
  keywords = {dblp},
  pages = {448-456},
  publisher = {JMLR.org},
  series = {JMLR Workshop and Conference Proceedings},
  timestamp = {2016-07-13T11:45:06.000+0200},
  title = {Batch Normalization: Accelerating Deep Network Training by Reducing Internal Covariate Shift.},
  url = {http://dblp.uni-trier.de/db/conf/icml/icml2015.html#IoffeS15},
  volume = 37,
  year = 2015
}

@misc{Authors14,
 author = {Authors},
 title = {The frobnicatable foo filter},
 note = {Face and Gesture  submission ID 324. Supplied as additional material {\tt fg324.pdf}},
 year = 2014
}

@misc{Authors14b,
 author = {Authors},
 title = {Frobnication tutorial},
 note = {Supplied as additional material {\tt tr.pdf}},
 year = 2014
}

@article{Alpher02,
author = {A. Alpher},
title = {Frobnication},
journal = {Journal of Foo},
volume = 12, 
number = 1, 
pages = {234--778}, 
year = 2002
}

@article{Alpher03,
author = {A. Alpher and  J.~P.~N. Fotheringham-Smythe},
title = {Frobnication revisited},
journal = {Journal of Foo},
volume = 13, 
number = 1, 
pages = {234--778}, 
year = 2003
}

@article{Alpher04,
author = {A. Alpher and J.~P.~N. Fotheringham-Smythe and G. Gamow},
title = {Can a machine frobnicate?},
journal = {Journal of Foo},
volume = 14, 
number = 1, 
pages = {234--778}, 
year = 2004
}
